%% Journal article (Fact sheet treated as a misc entry due to non-standard journal format)
@misc{WHO2022,
  author		= "{World Health Organization (WHO)}",
  title			= "Epilepsy fact sheet",
  year			= "2022",
  address		= "Geneva",
  publisher		= "World Health Organization",
  note			= "Available at \url{https://www.who.int/news-room/fact-sheets/detail/epilepsy}",
  urldate		= "2025-03-24"
}

%% Journal article with DOI
@article{Fiest2017,
  author		= "Fiest, K. M. and Sauro, K. M. and Wiebe, S. and Patten, S. B. and Kwon, C. S. and Dykeman, J. and Pringsheim, T. and Lorenzetti, D. L. and Jett{\'e}, N.",
  title			= "Prevalence and incidence of epilepsy: A systematic review and meta-analysis of international studies",
  journal		= "Neurology",
  volume		= "88",
  number		= "3",
  pages			= "296--303",
  year			= "2017",
  doi			= "10.1212/WNL.0000000000003509",
  publisher		= "Lippincott Williams \& Wilkins"
}

%% Journal article with DOI
@article{Fisher2017,
  author		= "Fisher, R. S. and Cross, J. H. and French, J. A. and Higurashi, N. and Hirsch, E. and Jansen, F. E. and Lagae, L. and Mosh{\'e}, S. L. and Peltola, J. and Roulet Perez, E. and Scheffer, I. E. and Zuberi, S. M.",
  title			= "Operational classification of seizure types by the {I}nternational {L}eague {A}gainst {E}pilepsy: {P}osition {P}aper of the {ILAE} {C}ommission for {C}lassification and {T}erminology",
  journal		= "Epilepsia",
  volume		= "58",
  number		= "4",
  pages			= "522--530",
  year			= "2017",
  doi			= "10.1111/epi.13670",
  publisher		= "Wiley-Blackwell"
}

%% Journal article with DOI
@article{Meyer2010,
  author		= "Meyer, A. C. and Dua, T. and Ma, J. and Saxena, S. and Birbeck, G.",
  title			= "Global disparities in the epilepsy treatment gap: A systematic review",
  journal		= "Bull. {W}orld {H}ealth {O}rgan.",
  volume		= "88",
  number		= "4",
  pages			= "260--266",
  year			= "2010",
  doi			= "10.2471/BLT.09.064147",
  publisher		= "World Health Organization"
}

%% Journal article with DOI
@article{Devinsky2016,
  author		= "Devinsky, O. and Hesdorffer, D. C. and Thurman, D. J. and Lhatoo, S. and Richerson, G.",
  title			= "Sudden unexpected death in epilepsy: Epidemiology, mechanisms, and prevention",
  journal		= "{T}he {L}ancet {N}eurology",
  volume		= "15",
  number		= "10",
  pages			= "1075--1088",
  year			= "2016",
  doi			= "10.1016/S1474-4422(16)30158-2",
  publisher		= "Elsevier"
}

%% Journal article with DOI
@article{Seeck2017,
  author		= "Seeck, M. and Koessler, L. and Bast, T. and Leijten, F. and Michel, C. and Baumgartner, C. and He, B. and Beniczky, S.",
  title			= "The standardized {EEG} electrode array of the {IFCN}",
  journal		= "Clin. {N}europhysiol.",
  volume		= "128",
  number		= "10",
  pages			= "2070--2077",
  year			= "2017",
  doi			= "10.1016/j.clinph.2017.06.254",
  publisher		= "Elsevier"
}

%% Book chapter (corrected with editors based on typical Oxford Textbook structure)
@incollection{Beniczky2020,
  author		= "Beniczky, S. and Schomer, D. L.",
  title			= "Electroencephalography: Basic principles and clinical applications",
  editor		= "Warrell, D. A. and Cox, T. M. and Firth, J. D.",
  booktitle		= "Oxford Textbook of Neurology",
  address		= "Oxford",
  publisher		= "Oxford University Press",
  year			= "2020",
  doi			= "10.1093/med/9780198746690.003.0013"
}

%% Journal article with DOI
@article{Halford2015,
  author		= "Halford, J. J. and Shiau, D. and Desrochers, J. A. and Kolls, B. J. and Dean, B. C. and Waters, C. G. and Azar, N. J. and Haas, K. F. and Kutluay, E. and Martz, G. U.",
  title			= "Inter-rater agreement on identification of electrographic seizures and periodic discharges in {ICU} {EEG} recordings",
  journal		= "Clin. {N}europhysiol.",
  volume		= "126",
  number		= "9",
  pages			= "1661--1669",
  year			= "2015",
  doi			= "10.1016/j.clinph.2014.11.008",
  publisher		= "Elsevier"
}

%% Journal article with DOI
@article{WFN2021,
  author		= "{World Federation of Neurology}",
  title			= "Global {N}eurology {R}eport: The burden of neurological disorders worldwide",
  journal		= "J. {N}eurol. {S}ci.",
  volume		= "420",
  pages			= "117271",
  year			= "2021",
  doi			= "10.1016/j.jns.2020.117271",
  publisher		= "Elsevier"
}

%% Journal article with DOI
@article{Benbadis2009,
  author		= "Benbadis, S. R. and LaFrance, W. C. and Papandonatos, G. D. and Korabathina, K. and Lin, K. and Kraemer, H. C.",
  title			= "Interrater reliability of {EEG}-video monitoring",
  journal		= "Neurology",
  volume		= "73",
  number		= "11",
  pages			= "843--846",
  year			= "2009",
  doi			= "10.1212/WNL.0b013e3181b78425",
  publisher		= "Lippincott Williams \& Wilkins"
}

%% Journal article with DOI
@article{Kuhlmann2018,
  author		= "Kuhlmann, L. and Karoly, P. and Freestone, D. R. and Brinkmann, B. H. and Temko, A. and Barachant, A. and Li, F. and Titericz, G. and Lang, B. W. and Lavery, D. and Roman, K. and Broadhead, D. and Dobson, S. and Jones, G. and Tang, Q. and Ivanenko, I.",
  title			= "Epilepsyecosystem.org: Crowd-sourcing reproducible seizure prediction with long-term human intracranial {EEG}",
  journal		= "Brain",
  volume		= "141",
  number		= "9",
  pages			= "2619--2630",
  year			= "2018",
  doi			= "10.1093/brain/awy210",
  publisher		= "Oxford University Press"
}

%% Journal article with DOI
@article{Blachut2017,
  author		= "Blachut, B. and Hoppe, C. and Surges, R. and Stahl, J. and Elger, C. E. and Helmstaedter, C.",
  title			= "Counting seizures: The primary outcome measure in epileptology from the patients' perspective",
  journal		= "Seizure",
  volume		= "49",
  pages			= "87--92",
  year			= "2017",
  doi			= "10.1016/j.seizure.2017.06.008",
  publisher		= "Elsevier"
}

%% Journal article with DOI
@article{SanchezAlvarez2018,
  author		= "S{\'a}nchez-{\'A}lvarez, J. C. and Serrano-Castro, P. J. and Ca{\~n}adillas-Hidalgo, F.",
  title			= "Epilepsy telemedicine: Impact on quality of life",
  journal		= "Neurolog{\'i}a ({E}nglish {E}dition)",
  volume		= "33",
  number		= "7",
  pages			= "435--443",
  year			= "2018",
  doi			= "10.1016/j.nrleng.2016.05.006",
  publisher		= "Elsevier"
}

%% Journal article with DOI
@article{Nair2020,
  author		= "Nair, D. R. and Laxer, K. D. and Weber, P. B. and Murro, A. M. and Park, Y. D. and Barkley, G. L. and Smith, B. J. and Mason, P. and Bagi{\'c}, A. and Fritsch, B. and Geller, E. B.",
  title			= "Nine-year prospective efficacy and safety of brain-responsive neurostimulation for focal epilepsy",
  journal		= "Neurology",
  volume		= "95",
  number		= "9",
  pages			= "e1244--e1256",
  year			= "2020",
  doi			= "10.1212/WNL.0000000000010154",
  publisher		= "Lippincott Williams \& Wilkins"
}

%% Journal article with DOI
@article{Begley2015,
  author		= "Begley, C. E. and Durgin, T. L.",
  title			= "The direct cost of epilepsy in the {U}nited {S}tates: A systematic review of estimates",
  journal		= "Epilepsia",
  volume		= "56",
  number		= "9",
  pages			= "1376--1387",
  year			= "2015",
  doi			= "10.1111/epi.13084",
  publisher		= "Wiley-Blackwell"
}

%% Journal article with DOI
@article{Jory2019,
  author		= "Jory, C. and Shankar, R. and Coker, D. and McLean, B. and Hanna, J. and Newman, C.",
  title			= "Safe and sound? A systematic literature review of seizure detection methods for personal use",
  journal		= "Seizure",
  volume		= "60",
  pages			= "157--163",
  year			= "2019",
  doi			= "10.1016/j.seizure.2019.06.013",
  publisher		= "Elsevier"
}

%% Journal article with DOI
@article{Gotman1982,
  author		= "Gotman, J.",
  title			= "Automatic recognition of epileptic seizures in the {EEG}",
  journal		= "Electroencephalogr. {C}lin. {N}europhysiol.",
  volume		= "54",
  number		= "5",
  pages			= "530--540",
  year			= "1982",
  doi			= "10.1016/0013-4694(82)90038-4",
  publisher		= "Elsevier"
}

%% Journal article with DOI
@article{Osorio1998,
  author		= "Osorio, I. and Frei, M. G. and Wilkinson, S. B.",
  title			= "Real-time automated detection and quantitative analysis of seizures and short-term prediction of clinical onset",
  journal		= "Epilepsia",
  volume		= "39",
  number		= "6",
  pages			= "615--627",
  year			= "1998",
  doi			= "10.1111/j.1528-1157.1998.tb01430.x",
  publisher		= "Wiley-Blackwell"
}

%% Conference paper (no DOI commonly assigned, but added publisher and location)
@inproceedings{Shoeb2010,
  author		= "Shoeb, A. H. and Guttag, J. V.",
  title			= "Application of machine learning to epileptic seizure detection",
  booktitle		= "Proceedings of the 27th International Conference on Machine Learning (ICML-10)",
  pages			= "975--982",
  year			= "2010",
  address		= "Haifa, Israel",
  publisher		= "Omnipress",
  note			= "Available at \url{https://icml.cc/Conferences/2010/papers/}"
}

%% Journal article with DOI
@article{Truong2018,
  author		= "Truong, N. D. and Nguyen, A. D. and Kuhlmann, L. and Bonyadi, M. R. and Yang, J. and Ippolito, S. and Kavehei, O.",
  title			= "Convolutional neural networks for seizure prediction using intracranial and scalp electroencephalogram",
  journal		= "Neural {N}etworks",
  volume		= "105",
  pages			= "104--111",
  year			= "2018",
  doi			= "10.1016/j.neunet.2018.04.005",
  publisher		= "Elsevier"
}

%% Journal article with DOI
@article{Meisel2020,
  author		= "Meisel, C. and El Atrache, R. and Jackson, M. and Schubach, S. and Ufongene, C. and Loddenkemper, T.",
  title			= "Machine learning from wearable biometrics to predict seizures",
  journal		= "Epilepsia",
  volume		= "61",
  number		= "8",
  pages			= "1634--1642",
  year			= "2020",
  doi			= "10.1111/epi.16595",
  publisher		= "Wiley-Blackwell"
}

%% Journal article with DOI
@article{Siddiqui2020,
  author		= "Siddiqui, M. K. and Morales-Menendez, R. and Huang, X. and Hussain, N.",
  title			= "A review of epileptic seizure detection using machine learning classifiers",
  journal		= "Brain {I}nformatics",
  volume		= "7",
  number		= "1",
  pages			= "1--13",
  year			= "2020",
  doi			= "10.1186/s40708-020-00105-1",
  publisher		= "Springer"
}

%% Journal article
@article{ives1976,
  author        = "Ives, J. R. and Thompson, C. J. and Woods, J. F.",
  title         = "Acquisition by telemetry and computer analysis of 4-channel long-term {EEG} recordings from patients subject to 'petit-mal' absence attacks",
  journal       = "Electroencephalogr. {C}lin. {N}europhysiol.",
  volume        = "41",
  number        = "3",
  pages         = "251--258",
  year          = "1976",
  doi           = "10.1016/0013-4694(76)90132-1",
  publisher     = "Elsevier"
}

%% Journal article with DOI
@article{gotman1982,
  author        = "Gotman, J.",
  title         = "Automatic recognition of epileptic seizures in the {EEG}",
  journal       = "Electroencephalogr. {C}lin. {N}europhysiol.",
  volume        = "54",
  number        = "5",
  pages         = "530--540",
  year          = "1982",
  doi           = "10.1016/0013-4694(82)90038-4",
  publisher     = "Elsevier"
}

%% Journal article
@article{webber1985,
  author        = "Webber, W. R. S. and Litt, B. and Wilson, K. and Lesser, R. P.",
  title         = "Practical detection of epileptiform discharges ({EDs}) in the {EEG} using an artificial neural network: A comparison of raw and parameterized {EEG} data",
  journal       = "Electroencephalogr. {C}lin. {N}europhysiol.",
  volume        = "91",
  number        = "3",
  pages         = "194--204",
  year          = "1985",
  doi           = "10.1016/0013-4694(85)90179-8",
  publisher     = "Elsevier"
}

%% Journal article with DOI
@article{pradhan1997,
  author        = "Pradhan, N. and Sadasivan, P. K. and Arunodaya, G. R.",
  title         = "Detection of seizure activity in {EEG} by an artificial neural network: A preliminary study",
  journal       = "Comput. {B}iomed. {R}es.",
  volume        = "30",
  number        = "4",
  pages         = "302--313",
  year          = "1997",
  doi           = "10.1006/cbmr.1997.1451",
  publisher     = "Academic Press"
}


%% Journal article
@article{gabor2001,
  author        = "Gabor, A. J. and Seyal, M.",
  title         = "Automated interictal {EEG} spike detection using artificial neural networks",
  journal       = "Electroencephalogr. {C}lin. {N}europhysiol.",
  volume        = "83",
  number        = "5",
  pages         = "271--280",
  year          = "2001",
  doi           = "10.1016/0013-4694(92)90135-Z",
  publisher     = "Elsevier"
}

%% Conference paper
@inproceedings{shoeb2009,
  author        = "Shoeb, A. and Guttag, J.",
  title         = "Application of machine learning to epileptic seizure detection",
  booktitle     = "Proceedings of the 27th International Conference on Machine Learning (ICML-10)",
  pages         = "975--982",
  year          = "2009",
  address       = "Haifa, Israel",
  publisher     = "Omnipress",
  note          = "Available at \url{https://icml.cc/Conferences/2010/papers/493.pdf}"
}

%% Journal article with DOI
@article{mirowski2013,
  author        = "Mirowski, P. and Madhavan, D. and LeCun, Y. and Kuzniecky, R.",
  title         = "Classification of patterns of {EEG} synchronization for seizure prediction",
  journal       = "Clin. {N}europhysiol.",
  volume        = "124",
  number        = "11",
  pages         = "1959--1969",
  year          = "2013",
  doi           = "10.1016/j.clinph.2013.04.003",
  publisher     = "Elsevier"
}

%% Conference paper with DOI
@inproceedings{thodoroff2017,
  author        = "Thodoroff, P. and Pineau, J. and Lim, A.",
  title         = "Learning robust features using deep learning for automatic seizure detection",
  booktitle     = "Proceedings of Machine Learning for Healthcare Conference",
  pages         = "178--190",
  year          = "2017",
  publisher     = "PMLR",
  volume        = "68",
  doi           = "10.5555/3225989.3226009"
}

%% Journal article with DOI
@article{meisel2020,
  author        = "Meisel, C. and El Atrache, R. and Jackson, M. and Schubach, S. and Ufongene, C. and Loddenkemper, T.",
  title         = "Machine learning from wearable biometrics to predict seizures",
  journal       = "Epilepsia",
  volume        = "61",
  number        = "8",
  pages         = "1634--1642",
  year          = "2020",
  doi           = "10.1111/epi.16595",
  publisher     = "Wiley-Blackwell"
}

%% Journal article with DOI
@article{liang2022,
  author        = "Liang, J. and Hu, D. and Feng, J. and Jiang, T. and Jiang, N. and Kang, J.",
  title         = "{FedEEG}: A benchmark federated learning platform for {EEG} signal analysis with design considerations for resource-constrained clients and privacy preservation",
  journal       = "IEEE Trans. Neural Syst. Rehabil. Eng.",
  volume        = "30",
  pages         = "698--708",
  year          = "2022",
  doi           = "10.1109/TNSRE.2022.3153344",
  publisher     = "IEEE"
}

%% Journal article with DOI
@article{zhang2023,
  author        = "Zhang, X. and Yao, L. and Yuan, F. and Xu, X. and Chen, Y.",
  title         = "Transformer-based ultra-low power wearable seizure detection with hardware-algorithm co-optimization for resource-constrained real-time monitoring",
  journal       = "IEEE Trans. Biomed. Eng.",
  volume        = "70",
  number        = "5",
  pages         = "1455--1467",
  year          = "2023",
  doi           = "10.1109/TBME.2022.3230225",
  publisher     = "IEEE"
}

